@book{beard2012small,
	title={Small unmanned aircraft: Theory and practice},
	author={Beard, Randal W and McLain, Timothy W},
	year={2012},
	publisher={Princeton university press}
}

@misc{itseez2015opencv,
	title={Open Source Computer Vision Library},
	author={Itseez},
	year={2015},
	howpublished = {\url{https://github.com/itseez/opencv}}
}

@article{Hurak2012,
	author = {Hurak, Zdenek and Rezac, Martin},
	doi = {10.1109/TCST.2011.2164541},
	file = {:home/magiccjae/.local/share/data/Mendeley Ltd./Mendeley Desktop/Downloaded/Hurk, ez - 2012 - Image-based pointing and tracking for inertially stabilized airborne camera platform.pdf:pdf},
	isbn = {9780819481603},
	issn = {10636536},
	journal = {IEEE Transactions on Control Systems Technology},
	keywords = {Image-based visual servoing,inertial stabilization,line-of-sight stabilization},
	mendeley-groups = {for{\_}ACC},
	number = {5},
	pages = {1146--1159},
	title = {{Image-based pointing and tracking for inertially stabilized airborne camera platform}},
	volume = {20},
	year = {2012}
}

@book{spong2006robot,
	title={Robot modeling and control},
	author={Spong, Mark W and Hutchinson, Seth and Vidyasagar, Mathukumalli},
	volume={3},
	year={2006},
	publisher={Wiley New York}
}

